@book{O'Rourke:1998:CGC:521378,
 author = {O'Rourke, Joseph},
 title = {Computational Geometry in C},
 year = {1998},
 edition = {2nd},
 publisher = {Cambridge University Press},
 OPTpages = {63-65}
}

@book{Preparata:1985:CGI:4333,
	author = {Preparata, Franco P. and Shamos, Michael I.},
	title = {Computational Geometry:  An Introduction},
	year = {1985},
	publisher = {Springer-Verlag New York, Inc.}
}

@book{Preparata:1985:CGI:4333-Jarvis,
	author = {Preparata, Franco P. and Shamos, Michael I.},
	title = {Computational Geometry:  An Introduction},
	year = {1985},
	publisher = {Springer-Verlag New York, Inc.},
	pages="70--71"
}

@ARTICLE{6313439,
	author={A. Goshtasby and G. C. Stockman},
	journal={IEEE Transactions on Systems, Man, and Cybernetics},
	title={Point pattern matching using convex hull edges},
	year={1985},
	volume={SMC-15},
	number={5},
	pages="631--637
}

@Article{Chan1996,
	author="Chan, T. M.",
	title="Optimal output-sensitive convex hull algorithms in two and three dimensions",
	journal="Discrete {\&} Computational Geometry",
	year="1996",
	volume="16",
	number="4",
	pages="361--368"
}

@techreport{Emiris:1991:EAR:894044,
	author = {Emiris, Ioannis Z. and Canny, John F.},
	title = {An Efficient Approach to Removing Geometric Degeneracies},
	year = {1991},
	publisher = {University of California at Berkeley},
	pages="361--368"
}

@techreport{Kirkpatrick_hull,
	author = {Kirkpatrick, David G. and Seidel, Raimund},
	title = {The Ultimate Planar Convex Hull Algorithm ?},
	year = {1983},
	publisher = {Cornell University}
}

@article{quickhull_3d,
	author = {Barber, C. Bradford and Dobkin, David P. and Huhdanpaa Hannu},
	title = {The Quickhull Algorithm for Convex Hulls},
	year = {1995},
	publisher = {ACM Transactions on Mathematical Software}
}

@book{Ericson:2004:RCD:1121584,
	author = {Ericson, Christer},
	title = {Real-Time Collision Detection},
	year = {2004},
	publisher = {CRC Press, Inc.},
	address = {Boca Raton, FL, USA},
} 

@article{gift_wrapping_3d,
	author = {Chand, Donald R. and Kapur, Sham S.},
	tutle = {An algorithm for Convex Polytopes},
	organization = {Lockheed-Georgia Company, Marietta, Georgia}
}

@article{Preparata:1977:CHF:359423.359430,
	author = {Preparata, F. P. and Hong, S. J.},
	title = {Convex Hulls of Finite Sets of Points in Two and Three Dimensions},
	journal = {Commun. ACM},
	issue_date = {Feb. 1977},
	volume = {20},
	number = {2},
	month = feb,
	year = {1977},
	pages = {87--93},
	numpages = {7},
	publisher = {ACM},
	address = {New York, NY, USA},
} 