@book{O'Rourke:1998:CGC:521378,
 author = {O'Rourke, Joseph},
 title = {Computational Geometry in C},
 year = {1998},
 edition = {2nd},
 publisher = {Cambridge University Press},
 pages = {64}
} 


