@booklet{quickselect_wiki,
    title={{Quickselect}},
    url={https://en.wikipedia.org/wiki/Quickselect},
}
@booklet{mape,
    title={{Mean absolute percentage error}},
    url={https://en.wikipedia.org/wiki/Mean_absolute_percentage_error},
}
